\begin{thebibliography}{10}

@incollection {MR1123075,
    AUTHOR = {Stephens, Nelson},
     TITLE = {Computation of rational points on elliptic curves using
              {H}eegner points},
 BOOKTITLE = {Number theory and applications ({B}anff, {AB}, 1988)},
    SERIES = {NATO Adv. Sci. Inst. Ser. C Math. Phys. Sci.},
    VOLUME = {265},
     PAGES = {205--214},
 PUBLISHER = {Kluwer Acad. Publ.},
   ADDRESS = {Dordrecht},
      YEAR = {1989},
   MRCLASS = {11G05 (14H52)},
  MRNUMBER = {1123075 (92m:11054)},
}

@article {BSD,
    AUTHOR = {Birch, B. J. and Swinnerton-Dyer, H. P. F.},
     TITLE = {Notes on elliptic curves. {II}},
   JOURNAL = {J. Reine Angew. Math.},
  FJOURNAL = {Journal f\"ur die Reine und Angewandte Mathematik},
    VOLUME = {218},
      YEAR = {1965},
     PAGES = {79--108},
      ISSN = {0075-4102},
   MRCLASS = {14.48 (10.12)},
  MRNUMBER = {0179168 (31 \#3419)},
MRREVIEWER = {D. J. Lewis},
}


@book {MR0178117,
    AUTHOR = {Whittaker, E. T. and Watson, G. N.},
     TITLE = {A course of modern analysis. {A}n introduction to the general
              theory of infinite processes and of analytic functions: with
              an account of the principal transcendental functions},
    SERIES = {Fourth edition. Reprinted},
 PUBLISHER = {Cambridge University Press},
   ADDRESS = {New York},
      YEAR = {1962},
     PAGES = {vii+608},
   MRCLASS = {30.00},
  MRNUMBER = {0178117 (31 \#2375)},
}

@book {MR0344216,
    AUTHOR = {Serre, J.-P.},
     TITLE = {A course in arithmetic},
      NOTE = {Translated from the French,
              Graduate Texts in Mathematics, No. 7},
 PUBLISHER = {Springer-Verlag},
   ADDRESS = {New York},
      YEAR = {1973},
     PAGES = {viii+115},
   MRCLASS = {12-02 (10CXX 10DXX)},
  MRNUMBER = {0344216 (49 \#8956)},
}

@incollection {Birch,
    AUTHOR = {Birch, Bryan},
     TITLE = {Heegner points: the beginnings},
 BOOKTITLE = {Heegner points and {R}ankin {$L$}-series},
    SERIES = {Math. Sci. Res. Inst. Publ.},
    VOLUME = {49},
     PAGES = {1--10},
 PUBLISHER = {Cambridge Univ. Press},
   ADDRESS = {Cambridge},
      YEAR = {2004},
   MRCLASS = {11G18 (11-03)},
  MRNUMBER = {2083207 (2005d:11083)},
MRREVIEWER = {Andrew Bremner},
       DOI = {10.1017/CBO9780511756375.002},
       URL = {http://dx.doi.org/10.1017/CBO9780511756375.002},
}

@incollection {Birch1,
    AUTHOR = {Birch, B. J.},
     TITLE = {Elliptic curves and modular functions},
 BOOKTITLE = {Symposia {M}athematica, {V}ol. {IV} ({INDAM}, {R}ome,
              1968/69)},
     PAGES = {27--32},
 PUBLISHER = {Academic Press},
   ADDRESS = {London},
      YEAR = {1970},
   MRCLASS = {14.20 (10.00)},
  MRNUMBER = {0269654 (42 \#4549)},
MRREVIEWER = {D. J. Lewis},
}

@incollection {MR0384805,
    AUTHOR = {Birch, B. J.},
     TITLE = {Heegner points of elliptic curves},
 BOOKTITLE = {Symposia {M}athematica, {V}ol. {XV} ({C}onvegno di {S}trutture
              in {C}orpi {A}lgebrici, {INDAM}, {R}ome, 1973)},
     PAGES = {441--445},
 PUBLISHER = {Academic Press},
   ADDRESS = {London},
      YEAR = {1975},
   MRCLASS = {14G05 (10B10)},
  MRNUMBER = {0384805 (52 \#5677)},
MRREVIEWER = {Jacques Velu},
}

@incollection {MR803364,
    AUTHOR = {Gross, Benedict H.},
     TITLE = {Heegner points on {$X_0(N)$}},
 BOOKTITLE = {Modular forms ({D}urham, 1983)},
    SERIES = {Ellis Horwood Ser. Math. Appl.: Statist. Oper. Res.},
     PAGES = {87--105},
 PUBLISHER = {Horwood},
   ADDRESS = {Chichester},
      YEAR = {1984},
   MRCLASS = {11G05 (11G16 11G40)},
  MRNUMBER = {803364 (87f:11036b)},
MRREVIEWER = {Loren D. Olson},
}
	
@article {Heegner,
    AUTHOR = {Heegner, Kurt},
     TITLE = {Diophantische {A}nalysis und {M}odulfunktionen},
   JOURNAL = {Math. Z.},
  FJOURNAL = {Mathematische Zeitschrift},
    VOLUME = {56},
      YEAR = {1952},
     PAGES = {227--253},
      ISSN = {0025-5874},
   MRCLASS = {10.0X},
  MRNUMBER = {0053135 (14,725j)},
MRREVIEWER = {M. Ward},
}


@article {MR1839918,
    AUTHOR = {Breuil, Christophe and Conrad, Brian and Diamond, Fred and
              Taylor, Richard},
     TITLE = {On the modularity of elliptic curves over {$\bold Q$}: wild
              3-adic exercises},
   JOURNAL = {J. Amer. Math. Soc.},
  FJOURNAL = {Journal of the American Mathematical Society},
    VOLUME = {14},
      YEAR = {2001},
    NUMBER = {4},
     PAGES = {843--939 (electronic)},
      ISSN = {0894-0347},
   MRCLASS = {11G05 (11F80 11G07 14G35)},
  MRNUMBER = {1839918 (2002d:11058)},
MRREVIEWER = {Karl Rubin},
       DOI = {10.1090/S0894-0347-01-00370-8},
       URL = {http://dx.doi.org/10.1090/S0894-0347-01-00370-8},
}

@inproceedings {MR0082727,
    AUTHOR = {Taniyama, Yutaka},
     TITLE = {Jacobian varieties and number fields},
 BOOKTITLE = {Proceedings of the international symposium on algebraic number
              theory, {T}okyo \& {N}ikko, 1955},
     PAGES = {31--45},
 PUBLISHER = {Science Council of Japan},
   ADDRESS = {Tokyo},
      YEAR = {1956},
   MRCLASS = {14.0X},
  MRNUMBER = {0082727 (18,601b)},
MRREVIEWER = {P. Samuel},
}



@book{Shimura&Taniyama,
	 AUTHOR = {Shimura, Goro and Taniyama, Yutaka},
     TITLE = {Complex multiplication of abelian varieties and its
              applications to number theory},
    SERIES = {Publications of the Mathematical Society of Japan},
    VOLUME = {6},
 PUBLISHER = {The Mathematical Society of Japan, Tokyo},
      YEAR = {1961},
     PAGES = {xi+159},
   MRCLASS = {14.40 (10.68)},
  MRNUMBER = {0125113 (23 \#A2419)},
MRREVIEWER = {I. Barsotti},
}


@book {Shimura, 
  AUTHOR = {Shimura, Goro}, 
  TITLE = {Abelian Varieties with Complex Multiplication and Modular Functions}, 
  SERIES = {Princeton Math. Series}, 
  NUMBER = {46}, 
  PUBLISHER = {Princeton Univ. Press}, 
  ADDRESS = {Princeton, NJ}, 
  YEAR = {1998}, 
  PAGES = {xvi+218}, 
  ISBN = {0-691-01656-9}, 
  MRCLASS = {11G15 (11F46 14K22)}, 
  MRNUMBER = {99e:11076}, 
  MRREVIEWER = {Rolf Berndt}, 
  ZBLNUMBER = {0908.11023}, 
  }
  
  
@article {Taylor&Wiles,
    AUTHOR = {Taylor, Richard and Wiles, Andrew},
     TITLE = {Ring-theoretic properties of certain {H}ecke algebras},
   JOURNAL = {Ann. of Math. (2)},
  FJOURNAL = {Annals of Mathematics. Second Series},
    VOLUME = {141},
      YEAR = {1995},
    NUMBER = {3},
     PAGES = {553--572},
      ISSN = {0003-486X},
     CODEN = {ANMAAH},
   MRCLASS = {11G18 (11D41 11F11 11R34 13C40)},
  MRNUMBER = {1333036 (96d:11072)},
MRREVIEWER = {Karl Rubin},
       DOI = {10.2307/2118560},
       URL = {http://dx.doi.org/10.2307/2118560},
}


@article {Wiles,
    AUTHOR = {Wiles, Andrew},
     TITLE = {Modular elliptic curves and {F}ermat's last theorem},
   JOURNAL = {Ann. of Math. (2)},
  FJOURNAL = {Annals of Mathematics. Second Series},
    VOLUME = {141},
      YEAR = {1995},
    NUMBER = {3},
     PAGES = {443--551},
      ISSN = {0003-486X},
     CODEN = {ANMAAH},
   MRCLASS = {11G05 (11D41 11F11 11F80 11G18)},
  MRNUMBER = {1333035 (96d:11071)},
MRREVIEWER = {Karl Rubin},
       DOI = {10.2307/2118559},
       URL = {http://dx.doi.org/10.2307/2118559},
}
 
@article {Darmon1,
    AUTHOR = {Darmon, Henri and Green, Peter},
     TITLE = {Elliptic curves and class fields of real quadratic fields:
              algorithms and evidence},
   JOURNAL = {Experiment. Math.},
  FJOURNAL = {Experimental Mathematics},
    VOLUME = {11},
      YEAR = {2002},
    NUMBER = {1},
     PAGES = {37--55},
      ISSN = {1058-6458},
   MRCLASS = {11G40 (11F67 11G05)},
  MRNUMBER = {1960299 (2004c:11112)},
MRREVIEWER = {Chandrashekhar Khare},
       URL = {http://projecteuclid.org/getRecord?id=euclid.em/1057860313},
}
	
@book {Darmon2,
    AUTHOR = {Darmon, Henri},
     TITLE = {Rational points on modular elliptic curves},
    SERIES = {CBMS Regional Conference Series in Mathematics},
    VOLUME = {101},
 PUBLISHER = {Published for the Conference Board of the Mathematical
              Sciences, Washington, DC},
      YEAR = {2004},
     PAGES = {xii+129},
      ISBN = {0-8218-2868-1},
   MRCLASS = {11G40 (11F67 11F85 11G05 11G18)},
  MRNUMBER = {2020572 (2004k:11103)},
MRREVIEWER = {Chandrashekhar Khare},
}

@book {Cohen,
    AUTHOR = {Cohen, Henri},
     TITLE = {A course in computational algebraic number theory},
    SERIES = {Graduate Texts in Mathematics},
    VOLUME = {138},
 PUBLISHER = {Springer-Verlag},
   ADDRESS = {Berlin},
      YEAR = {1993},
     PAGES = {xii+534},
      ISBN = {3-540-55640-0},
   MRCLASS = {11Y40 (11Rxx 68Q40)},
  MRNUMBER = {1228206 (94i:11105)},
MRREVIEWER = {Joe P. Buhler},
}

@book {Knapp,
    AUTHOR = {Knapp, Anthony W.},
     TITLE = {Elliptic curves},
    SERIES = {Mathematical Notes},
    VOLUME = {40},
 PUBLISHER = {Princeton University Press},
   ADDRESS = {Princeton, NJ},
      YEAR = {1992},
     PAGES = {xvi+427},
      ISBN = {0-691-08559-5},
   MRCLASS = {11G05 (11-01 11F11 14H52)},
  MRNUMBER = {1193029 (93j:11032)},
MRREVIEWER = {Joseph H. Silverman},
}

@preamble{
   "\def\cprime{$'$} "
}
@book {Silverman,
    AUTHOR = {Silverman, Joseph H.},
     TITLE = {The arithmetic of elliptic curves},
    SERIES = {Graduate Texts in Mathematics},
    VOLUME = {106},
   EDITION = {Second},
 PUBLISHER = {Springer},
   ADDRESS = {Dordrecht},
      YEAR = {2009},
     PAGES = {xx+513},
      ISBN = {978-0-387-09493-9},
   MRCLASS = {11-02 (11G05 11G20 14H52 14K15)},
  MRNUMBER = {2514094 (2010i:11005)},
MRREVIEWER = {Vasil{\cprime} {\=I}. Andr{\={\i}}{\u\i}chuk},
       DOI = {10.1007/978-0-387-09494-6},
       URL = {http://dx.doi.org/10.1007/978-0-387-09494-6},
}

@book {Silverman1,
    AUTHOR = {Silverman, Joseph H.},
     TITLE = {Advanced topics in the arithmetic of elliptic curves},
    SERIES = {Graduate Texts in Mathematics},
    VOLUME = {151},
 PUBLISHER = {Springer-Verlag},
   ADDRESS = {New York},
      YEAR = {1994},
     PAGES = {xiv+525},
      ISBN = {0-387-94328-5},
   MRCLASS = {11G05 (11G07 11G15 11G40 14H52)},
  MRNUMBER = {1312368 (96b:11074)},
MRREVIEWER = {Henri Darmon},
}

@article {Silverman2,
    AUTHOR = {Silverman, Joseph H.},
     TITLE = {Computing rational points on rank {$1$} elliptic curves via
              {$L$}-series and canonical heights},
   JOURNAL = {Math. Comp.},
  FJOURNAL = {Mathematics of Computation},
    VOLUME = {68},
      YEAR = {1999},
    NUMBER = {226},
     PAGES = {835--858},
      ISSN = {0025-5718},
     CODEN = {MCMPAF},
   MRCLASS = {11G05 (11Y50)},
  MRNUMBER = {1627825 (99i:11043)},
MRREVIEWER = {Abderrahmane Nitaj},
       DOI = {10.1090/S0025-5718-99-01068-6},
       URL = {http://dx.doi.org/10.1090/S0025-5718-99-01068-6},
}


@book {Shimura1,
    AUTHOR = {Shimura, Goro},
     TITLE = {Introduction to the arithmetic theory of automorphic
              functions},
    SERIES = {Publications of the Mathematical Society of Japan},
    VOLUME = {11},
      NOTE = {Reprint of the 1971 original,
              Kan{\^o} Memorial Lectures, 1},
 PUBLISHER = {Princeton University Press},
   ADDRESS = {Princeton, NJ},
      YEAR = {1994},
     PAGES = {xiv+271},
      ISBN = {0-691-08092-5},
   MRCLASS = {11Fxx (11-02 11G05 11G40)},
  MRNUMBER = {1291394 (95e:11048)},
}

@book {Stein,
    AUTHOR = {Stein, William},
     TITLE = {Modular forms, a computational approach},
    SERIES = {Graduate Studies in Mathematics},
    VOLUME = {79},
      NOTE = {With an appendix by Paul E. Gunnells},
 PUBLISHER = {American Mathematical Society},
   ADDRESS = {Providence, RI},
      YEAR = {2007},
     PAGES = {xvi+268},
      ISBN = {978-0-8218-3960-7; 0-8218-3960-8},
   MRCLASS = {11F11 (11-01 11F67 11Y16 11Y35)},
  MRNUMBER = {2289048 (2008d:11037)},
MRREVIEWER = {Imin Chen},
}

@article {MR909238,
    AUTHOR = {Gross, B. and Kohnen, W. and Zagier, D.},
     TITLE = {Heegner points and derivatives of {$L$}-series. {II}},
   JOURNAL = {Math. Ann.},
  FJOURNAL = {Mathematische Annalen},
    VOLUME = {278},
      YEAR = {1987},
    NUMBER = {1-4},
     PAGES = {497--562},
      ISSN = {0025-5831},
     CODEN = {MAANA},
   MRCLASS = {11G40 (11F30 11G05 11R29 14G10)},
  MRNUMBER = {909238 (89i:11069)},
MRREVIEWER = {Lawrence Washington},
       DOI = {10.1007/BF01458081},
       URL = {http://dx.doi.org/10.1007/BF01458081},
}

@article{Watkins, 
title={Some remarks on Heegner point computations}, 
JOURNAL = {},
volume={0}, 
url={http://arxiv.org/abs/math/0506325}, 
author={Watkins, Mark}, 
year={2005}, 
pages={1--11}}
\end{thebibliography}